@inproceedings{zhu2017unpaired,
  title={Unpaired image-to-image translation using cycle-consistent adversarial networks},
  author={Zhu, Jun-Yan and Park, Taesung and Isola, Phillip and Efros, Alexei A},
  booktitle={ICCV},
  pages={2223--2232},
  year={2017}
}


@article{zhang2019steganogan,
	title={Stegano{GAN}: Pushing the Limits of Image Steganography},
	author={Zhang, Kevin Alex and Cuesta-Infante, Alfredo and Veeramachaneni, Kalyan},
	journal={arXiv preprint arXiv:1901.03892},
	year={2019}
}
