@inproceedings{Ren2015Faster,
	title={Faster {R-CNN}: Towards real-time object detection with region proposal networks},
	author={Ren, Shaoqing and He, Kaiming and Girshick, Ross and Sun, Jian},
	booktitle={NIPS},
	year={2015},
}

@inproceedings{Girshick2015Fast,
	title={Fast {R-CNN}},
	author={Girshick, Ross},
	booktitle={ICCV},
	year={2015},
}

@inproceedings{Girshick2014,
	title={Rich Feature Hierarchies for Accurate Object Detection and Semantic Segmentation},
	author={Girshick, Ross and Donahue, Jeff and Darrell, Trevor and Malik, Jitendra},
	booktitle={CVPR},
	year={2014},
}

@inproceedings{Tao18attngan,
	author    = {Xu, Tao and Zhang, Pengchuan and Huang, Qiuyuan and Zhang, Han and Gan, Zhe and Huang, Xiaolei and He, Xiaodong},
	title     = {Attn{GAN}: Fine-Grained Text to Image Generation with Attentional Generative Adversarial Networks},
    year = {2018},
	booktitle = {CVPR}
}