@inproceedings{Goodfellow2014Generative,
	title={Generative Adversarial Networks},
	author={Goodfellow, Ian J. and Pougetabadie, Jean and Mirza, Mehdi and Xu, Bing and Wardefarley, David and Ozair, Sherjil and Courville, Aaron and Bengio, Yoshua},
	booktitle={NIPS},
	year={2014},
}

@inproceedings{Tao18attngan,
	author    = {Xu, Tao and Zhang, Pengchuan and Huang, Qiuyuan and Zhang, Han and Gan, Zhe and Huang, Xiaolei and He, Xiaodong},
	title     = {Attn{GAN}: Fine-Grained Text to Image Generation with Attentional Generative Adversarial Networks},
    year = {2018},
	booktitle = {CVPR}
}